<record><leader>00000cas a2200000 a 4500</leader><controlfield tag="001">10127738</controlfield><controlfield tag="007">hd afv---baca</controlfield><controlfield tag="008">831114d18121812mauwx nea     0    0eng c</controlfield><datafield ind1=" " ind2=" " tag="010"><subfield code="a">sf 89091498 </subfield></datafield><datafield ind1=" " ind2=" " tag="040"><subfield code="a">PES</subfield><subfield code="b">eng</subfield><subfield code="c">PES</subfield><subfield code="d">DLC</subfield><subfield code="d">FUG</subfield><subfield code="d">OCL</subfield><subfield code="d">DLC</subfield><subfield code="d">OCLCQ</subfield><subfield code="d">BUF</subfield><subfield code="d">DLC</subfield><subfield code="d">OCLCQ</subfield><subfield code="d">OCLCF</subfield><subfield code="d">OCLCO</subfield><subfield code="d">OCLCQ</subfield></datafield><datafield ind1=" " ind2=" " tag="042"><subfield code="a">pcc</subfield></datafield><datafield ind1=" " ind2=" " tag="043"><subfield code="a">n-us-ma</subfield></datafield><datafield ind1="0" ind2="0" tag="050"><subfield code="a">Microfilm 01104 no. 205 AP</subfield></datafield><datafield ind1="1" ind2="4" tag="050"><subfield code="a">AP2.A2</subfield><subfield code="b">.A63 Box 24</subfield></datafield><datafield ind1="0" ind2="4" tag="082"><subfield code="a">051</subfield><subfield code="b">A51p2</subfield></datafield><datafield ind1="0" ind2="4" tag="245"><subfield code="a">The Boston satirist, or Weekly museum.</subfield></datafield><datafield ind1="3" ind2="0" tag="246"><subfield code="a">Boston satirist</subfield></datafield><datafield ind1="3" ind2="0" tag="246"><subfield code="a">Weekly museum</subfield></datafield><datafield ind1="1" ind2="3" tag="246"><subfield code="a">Satirist</subfield></datafield><datafield ind1=" " ind2=" " tag="260"><subfield code="a">[Boston] :</subfield><subfield code="b">[J.L. Edwards],</subfield><subfield code="c">1812.</subfield></datafield><datafield ind1=" " ind2=" " tag="300"><subfield code="a">3 volumes.</subfield></datafield><datafield ind1=" " ind2=" " tag="310"><subfield code="a">Weekly (irregular)</subfield></datafield><datafield ind1=" " ind2=" " tag="336"><subfield code="a">text</subfield><subfield code="b">txt</subfield><subfield code="2">rdacontent</subfield></datafield><datafield ind1=" " ind2=" " tag="337"><subfield code="a">microform</subfield><subfield code="b">h</subfield><subfield code="2">rdamedia</subfield></datafield><datafield ind1=" " ind2=" " tag="338"><subfield code="a">microfilm reel</subfield><subfield code="b">hd</subfield><subfield code="2">rdacarrier</subfield></datafield><datafield ind1="0" ind2=" " tag="362"><subfield code="a">No. 11 (Apr. 20, 1812)-no. 13 (May 9, 1812).</subfield></datafield><datafield ind1="1" ind2=" " tag="490"><subfield code="a">American periodical series, 1800-1850 ;</subfield><subfield code="v">205</subfield></datafield><datafield ind1=" " ind2=" " tag="500"><subfield code="a">Established by James L. Edwards in 1812, this comic periodical was edited by "Lodowick Lash'em" and was a lampoon paper whose object was to "lash vice and folly." Some poetry was included. Cf. American periodicals, 1741-1900.</subfield></datafield><datafield ind1=" " ind2=" " tag="500"><subfield code="a">Title from caption.</subfield></datafield><datafield ind1=" " ind2=" " tag="533"><subfield code="a">Microfilm.</subfield><subfield code="b">Ann Arbor, Mich. :</subfield><subfield code="c">University Microfilms,</subfield><subfield code="d">1951.</subfield><subfield code="e">1 microfilm reel ; 35 mm.</subfield><subfield code="f">(American periodical series, 1800-1850 ; 205).</subfield></datafield><datafield ind1=" " ind2="0" tag="651"><subfield code="a">Boston (Mass.)</subfield><subfield code="v">Newspapers.</subfield></datafield><datafield ind1=" " ind2="0" tag="651"><subfield code="a">Suffolk County (Mass.)</subfield><subfield code="v">Newspapers.</subfield></datafield><datafield ind1=" " ind2="7" tag="651"><subfield code="a">Massachusetts</subfield><subfield code="z">Boston.</subfield><subfield code="2">fast</subfield><subfield code="0">(OCoLC)fst01205012</subfield></datafield><datafield ind1=" " ind2="7" tag="651"><subfield code="a">Massachusetts</subfield><subfield code="z">Suffolk County.</subfield><subfield code="2">fast</subfield><subfield code="0">(OCoLC)fst01206189</subfield></datafield><datafield ind1=" " ind2="7" tag="655"><subfield code="a">Newspapers.</subfield><subfield code="2">fast</subfield><subfield code="0">(OCoLC)fst01423814</subfield></datafield><datafield ind1=" " ind2=" " tag="752"><subfield code="a">United States</subfield><subfield code="b">Massachusetts</subfield><subfield code="c">Suffolk</subfield><subfield code="d">Boston.</subfield></datafield><datafield ind1="1" ind2=" " tag="776"><subfield code="c">Original</subfield><subfield code="t">Boston satirist, or, Weekly museum</subfield><subfield code="x">2157-152X</subfield><subfield code="w">(DLC)sn 85047614</subfield><subfield code="w">(OCoLC)11426681</subfield></datafield><datafield ind1="0" ind2="0" tag="780"><subfield code="t">Satirist (Boston, Mass.)</subfield><subfield code="w">(DLC)sf 89091497</subfield><subfield code="w">(OCoLC)10127706</subfield></datafield><datafield ind1=" " ind2="0" tag="830"><subfield code="a">American periodical series, 1800-1850 ;</subfield><subfield code="v">205.</subfield></datafield><datafield ind1="1" ind2=" " tag="029"><subfield code="a">AU@</subfield><subfield code="b">000020128719</subfield></datafield></record>